<record><leader>00000cas a22000007a 4500</leader><controlfield tag="001">13276459</controlfield><controlfield tag="008">860310d19551957wiudn ne      0    0eng d</controlfield><datafield ind1=" " ind2=" " tag="010"><subfield code="a">sn 86086355 </subfield></datafield><datafield ind1=" " ind2=" " tag="040"><subfield code="a">NPV</subfield><subfield code="b">eng</subfield><subfield code="c">NPV</subfield><subfield code="d">OCLCQ</subfield></datafield><datafield ind1=" " ind2=" " tag="042"><subfield code="a">msc</subfield></datafield><datafield ind1="0" ind2="0" tag="245"><subfield code="a">New London daily press.</subfield></datafield><datafield ind1=" " ind2=" " tag="260"><subfield code="a">New London, Wis. :</subfield><subfield code="b">G.O. Culver,</subfield><subfield code="c">1955-1957.</subfield></datafield><datafield ind1=" " ind2=" " tag="300"><subfield code="a">3 v. :</subfield><subfield code="b">ill.</subfield></datafield><datafield ind1=" " ind2=" " tag="310"><subfield code="a">Daily (except Sat. &amp; Sun.)</subfield></datafield><datafield ind1=" " ind2=" " tag="321"><subfield code="a">Four times a week,</subfield><subfield code="b">Aug. 2, 1955-Nov. 30, 1956</subfield></datafield><datafield ind1="0" ind2=" " tag="362"><subfield code="a">Vol. 63, no. 21 (Aug. 2, 1955)-v. 65, no. 117 (Sept. 6, 1957).</subfield></datafield><datafield ind1=" " ind2=" " tag="752"><subfield code="a">United States</subfield><subfield code="b">Wisconsin</subfield><subfield code="c">Waupaca</subfield><subfield code="d">New London.</subfield></datafield><datafield ind1=" " ind2=" " tag="752"><subfield code="a">United States</subfield><subfield code="b">Wisconsin</subfield><subfield code="c">Outagamie</subfield><subfield code="d">New London.</subfield></datafield><datafield ind1="0" ind2="0" tag="780"><subfield code="t">New London press-republican</subfield><subfield code="w">(DLC)sn 86086354</subfield></datafield><datafield ind1="0" ind2="0" tag="785"><subfield code="t">New London press (New London, Wis. : 1957)</subfield><subfield code="w">(DLC)sn 86086356</subfield></datafield></record>